- Barlow, Horace B. "Possible principles underlying the transformations of sensory messages." (1961): 217-234.
- Karklin, Yan, and Eero P. Simoncelli. "Efficient coding of natural images with a population of noisy linear-nonlinear neurons." Advances in neural information processing systems 24 (2011): 999.
- van Hateren, J. Hans, and Arjen van der Schaaf. "Independent component filters of natural images compared with simple cells in primary visual cortex." Proceedings of the Royal Society of London B: Biological Sciences 265.1394 (1998): 359-366.
- Carandini, Matteo. "Amplification of trial-to-trial response variability by neurons in visual cortex." PLoS Biol 2.9 (2004): e264.